<?xml version="1.0" encoding="UTF-8"?><collection xmlns="http://www.loc.gov/MARC21/slim"><record><leader>00570nam--2200181-i-4500</leader><controlfield tag="001">000045078</controlfield><controlfield tag="002">20161230</controlfield><controlfield tag="005">20161230201044</controlfield><controlfield tag="008">060222s1000------------r-----000-0-fre-d</controlfield><datafield ind1=" " ind2=" " tag="040"><subfield code="a">IFIN-HH</subfield></datafield><datafield ind1=" " ind2=" " tag="041"><subfield code="a">fre</subfield></datafield><datafield ind1=" " ind2=" " tag="080"><subfield code="a">539.18:541.128(043)</subfield></datafield><datafield ind1="1" ind2=" " tag="100"><subfield code="a">Trabelsi, Malika</subfield></datafield><datafield ind1="1" ind2="0" tag="245"><subfield code="a">Synthese en matrice 10 k de complexes du type mln(m=ti, v, ni; l=co, n2ph3) et mise en evidence par spectroscopie ir</subfield><subfield code="b">These</subfield><subfield code="c">Malika trabelsi</subfield></datafield><datafield ind1=" " ind2=" " tag="260"><subfield code="a">Paris</subfield><subfield code="b">Universite Pierre Et Marie Curie</subfield><subfield code="c">1978</subfield></datafield><datafield ind1=" " ind2=" " tag="300"><subfield code="a">136P</subfield></datafield><datafield ind1=" " ind2=" " tag="852"><subfield code="a">46867</subfield><subfield code="c">539.19</subfield></datafield><datafield ind1=" " ind2=" " tag="CAT"><subfield code="a">Sys</subfield><subfield code="c">20120716</subfield><subfield code="h">155125</subfield></datafield></record></collection>